[gd_scene load_steps=15 format=2]

[ext_resource path="res://BadMan.gd" type="Script" id=1]
[ext_resource path="res://Materials/BadMan.tres" type="Material" id=2]
[ext_resource path="res://textures/death.png" type="Texture" id=3]
[ext_resource path="res://textures/fear.png" type="Texture" id=4]
[ext_resource path="res://textures/hate.png" type="Texture" id=5]
[ext_resource path="res://textures/suffer.png" type="Texture" id=6]

[sub_resource type="SpatialMaterial" id=1]
flags_transparent = true
flags_unshaded = true
params_billboard_mode = 1
albedo_texture = ExtResource( 3 )

[sub_resource type="QuadMesh" id=2]
material = SubResource( 1 )
size = Vector2( 0.5, 0.5 )

[sub_resource type="SpatialMaterial" id=3]
flags_transparent = true
flags_unshaded = true
params_billboard_mode = 1
albedo_texture = ExtResource( 4 )

[sub_resource type="QuadMesh" id=4]
material = SubResource( 3 )
size = Vector2( 0.5, 0.5 )

[sub_resource type="SpatialMaterial" id=5]
flags_transparent = true
flags_unshaded = true
params_billboard_mode = 1
albedo_texture = ExtResource( 5 )

[sub_resource type="QuadMesh" id=6]
material = SubResource( 5 )
size = Vector2( 0.5, 0.5 )

[sub_resource type="SpatialMaterial" id=7]
flags_transparent = true
flags_unshaded = true
params_billboard_mode = 1
albedo_texture = ExtResource( 6 )

[sub_resource type="QuadMesh" id=8]
material = SubResource( 7 )
size = Vector2( 0.5, 0.5 )

[node name="BadMan" type="Spatial"]
script = ExtResource( 1 )

[node name="Particles" type="Particles" parent="."]
process_material = ExtResource( 2 )
draw_pass_1 = SubResource( 2 )

[node name="Particles2" type="Particles" parent="."]
process_material = ExtResource( 2 )
draw_pass_1 = SubResource( 4 )

[node name="Particles3" type="Particles" parent="."]
process_material = ExtResource( 2 )
draw_pass_1 = SubResource( 6 )

[node name="Particles4" type="Particles" parent="."]
process_material = ExtResource( 2 )
draw_pass_1 = SubResource( 8 )
