[gd_scene load_steps=11 format=2]

[ext_resource path="res://GameOverScreen.gd" type="Script" id=1]

[sub_resource type="DynamicFontData" id=1]
font_path = "res://Cooper Black Regular.ttf"

[sub_resource type="DynamicFont" id=2]
size = 120
use_filter = true
font_data = SubResource( 1 )

[sub_resource type="StyleBoxEmpty" id=10]

[sub_resource type="StyleBoxEmpty" id=11]

[sub_resource type="StyleBoxEmpty" id=12]

[sub_resource type="StyleBoxEmpty" id=13]

[sub_resource type="StyleBoxEmpty" id=14]

[sub_resource type="DynamicFontData" id=8]
font_path = "res://Cooper Black Regular.ttf"

[sub_resource type="DynamicFont" id=9]
size = 71
use_filter = true
font_data = SubResource( 8 )

[node name="ColorRect" type="ColorRect"]
margin_right = 1920.0
margin_bottom = 1080.0
color = Color( 0, 0, 0, 1 )
script = ExtResource( 1 )

[node name="Label" type="Label" parent="."]
anchor_top = 0.5
anchor_right = 1.0
anchor_bottom = 0.5
margin_top = -333.372
margin_bottom = -240.372
custom_fonts/font = SubResource( 2 )
text = "Survived"
align = 1
valign = 1

[node name="Button" type="Button" parent="."]
anchor_left = 0.5
anchor_top = 0.5
anchor_right = 0.5
anchor_bottom = 0.5
margin_left = -82.0
margin_top = 356.975
margin_right = 82.0
margin_bottom = 445.975
custom_styles/hover = SubResource( 10 )
custom_styles/pressed = SubResource( 11 )
custom_styles/focus = SubResource( 12 )
custom_styles/disabled = SubResource( 13 )
custom_styles/normal = SubResource( 14 )
custom_fonts/font = SubResource( 9 )
custom_colors/font_color = Color( 1, 1, 1, 1 )
custom_colors/font_color_hover = Color( 0.933333, 0.482353, 0, 1 )
text = "quit"
[connection signal="pressed" from="Button" to="." method="_on_Button_pressed"]
