[gd_scene load_steps=17 format=2]

[ext_resource path="res://addons/zylann.hterrain/hterrain.gd" type="Script" id=1]
[ext_resource path="res://addons/zylann.hterrain/tools/icons/icon_heightmap_node.svg" type="Texture" id=2]
[ext_resource path="res://def_terrain/data.hterrain" type="Resource" id=3]
[ext_resource path="res://textures/fu.png" type="Texture" id=4]
[ext_resource path="res://Player.tscn" type="PackedScene" id=5]
[ext_resource path="res://textures/path.jpg" type="Texture" id=6]
[ext_resource path="res://BadMan.tscn" type="PackedScene" id=7]
[ext_resource path="res://Models/tree/Tree1.tscn" type="PackedScene" id=8]
[ext_resource path="res://HPPickup.tscn" type="PackedScene" id=9]
[ext_resource path="res://Models/tower/Tower.tscn" type="PackedScene" id=10]
[ext_resource path="res://Models/book/Book.tscn" type="PackedScene" id=11]
[ext_resource path="res://Models/container/container.escn" type="PackedScene" id=12]
[ext_resource path="res://Models/house/House.tscn" type="PackedScene" id=13]
[ext_resource path="res://Models/crate/Crate.tscn" type="PackedScene" id=14]

[sub_resource type="Curve3D" id=1]
bake_interval = 0.01
_data = {
"points": PoolVector3Array( 0, 0, 0, 0, 0, 0, 70.0086, 0, 15.2466, 0, 0, 0, 0, 0, 0, 186.418, 0, 9.99869, -11.8763, 0.0222015, 5.68549, 11.8763, -0.0222015, -5.68549, 310.937, 0, 9.99869, 1.21375, -0.139641, 7.53579, -1.21375, 0.139641, -7.53579, 356.292, 0.23241, -57.3489, 4.26205, 0.0572992, 18.7693, -4.26205, -0.0572992, -18.7693, 309.046, 0, -137.709, 0, 0, 0, 0, 0, 0, 330.975, 0, -229.021 ),
"tilts": PoolRealArray( 0, 0, 0, 0, 0, 0 )
}

[sub_resource type="SpatialMaterial" id=2]
albedo_texture = ExtResource( 6 )
uv1_scale = Vector3( 1, 4.6, 1 )

[node name="Spatial" type="Spatial"]

[node name="HTerrain" type="Spatial" parent="."]
script = ExtResource( 1 )
__meta__ = {
"_editor_icon": ExtResource( 2 )
}
_terrain_data = ExtResource( 3 )
chunk_size = 16
shader_type = "Classic4Lite"
custom_shader = null
shader_params/u_ground_uv_scale = 20
shader_params/u_depth_blending = true
shader_params/u_triplanar = false
ground/albedo_bump_0 = ExtResource( 4 )
ground/normal_roughness_0 = null
ground/albedo_bump_1 = null
ground/normal_roughness_1 = null
ground/albedo_bump_2 = null
ground/normal_roughness_2 = null
ground/albedo_bump_3 = null
ground/normal_roughness_3 = null

[node name="Player" parent="." instance=ExtResource( 5 )]
transform = Transform( -0.171504, 0, 0.985184, 0, 1, 0, -0.985184, 0, -0.171504, 416.21, 1.78081, 109.095 )

[node name="Path" type="Path" parent="."]
editor/display_folded = true
transform = Transform( 1, 0, 0, 0, 1, 0, 0, 0, 1, 98.9543, 0, 372.709 )
curve = SubResource( 1 )

[node name="CSGPolygon" type="CSGPolygon" parent="Path"]
snap = 0.01
invert_faces = true
polygon = PoolVector2Array( 0, 0, 0, 0.05, 5, 0.05, 5, 0 )
mode = 2
path_node = NodePath("..")
path_interval = 1.0
path_rotation = 2
path_local = false
path_continuous_u = false
path_joined = false
material = SubResource( 2 )

[node name="BadMan" parent="." instance=ExtResource( 7 )]
transform = Transform( 1, 0, 0, 0, 1, 0, 0, 0, 1, 73.5329, 5.766, 141.49 )

[node name="Trees" type="Node" parent="."]
editor/display_folded = true

[node name="Tree1" parent="Trees" instance=ExtResource( 8 )]
transform = Transform( 5, 0, 0, 0, 5, 0, 0, 0, 5, 176.599, 0.0595341, 119.367 )

[node name="Tree4" parent="Trees" instance=ExtResource( 8 )]
transform = Transform( 5, 0, 0, 0, 5, 0, 0, 0, 5, 245.427, 0.0595341, 313.634 )

[node name="Tree18" parent="Trees" instance=ExtResource( 8 )]
transform = Transform( 5, 0, 0, 0, 5, 0, 0, 0, 5, 109.765, 0.0595341, 327.565 )

[node name="Tree19" parent="Trees" instance=ExtResource( 8 )]
transform = Transform( 5, 0, 0, 0, 5, 0, 0, 0, 5, 88.1976, 0.0595341, 418.798 )

[node name="Tree20" parent="Trees" instance=ExtResource( 8 )]
transform = Transform( 5, 0, 0, 0, 5, 0, 0, 0, 5, 127.896, 0.0595341, 421.403 )

[node name="Tree21" parent="Trees" instance=ExtResource( 8 )]
transform = Transform( 5, 0, 0, 0, 5, 0, 0, 0, 5, 116.858, 0.0595341, 379.218 )

[node name="Tree22" parent="Trees" instance=ExtResource( 8 )]
transform = Transform( 5, 0, 0, 0, 5, 0, 0, 0, 5, 234.986, 0.0595341, 442.051 )

[node name="Tree23" parent="Trees" instance=ExtResource( 8 )]
transform = Transform( 5, 0, 0, 0, 5, 0, 0, 0, 5, 333.987, 0.0595341, 436.639 )

[node name="Tree24" parent="Trees" instance=ExtResource( 8 )]
transform = Transform( 5, 0, 0, 0, 5, 0, 0, 0, 5, 425.205, 0.0595341, 424.99 )

[node name="Tree25" parent="Trees" instance=ExtResource( 8 )]
transform = Transform( 5, 0, 0, 0, 5, 0, 0, 0, 5, 279.823, 0.0595341, 447.856 )

[node name="Tree12" parent="Trees" instance=ExtResource( 8 )]
transform = Transform( 5, 0, 0, 0, 5, 0, 0, 0, 5, 302.343, 0.0595341, 312.107 )

[node name="Tree16" parent="Trees" instance=ExtResource( 8 )]
transform = Transform( 5, 0, 0, 0, 5, 0, 0, 0, 5, 166.68, 0.0595341, 326.038 )

[node name="Tree9" parent="Trees" instance=ExtResource( 8 )]
transform = Transform( 5, 0, 0, 0, 5, 0, 0, 0, 5, 285.555, 0.0595493, 131.968 )

[node name="Tree2" parent="Trees" instance=ExtResource( 8 )]
transform = Transform( 5, 0, 0, 0, 5, 0, 0, 0, 5, 274.103, 0.0595341, 214.778 )

[node name="Tree6" parent="Trees" instance=ExtResource( 8 )]
transform = Transform( 5, 0, 0, 0, 5, 0, 0, 0, 5, 324.091, 0.0595341, 351.832 )

[node name="Tree17" parent="Trees" instance=ExtResource( 8 )]
transform = Transform( 5, 0, 0, 0, 5, 0, 0, 0, 5, 188.428, 0.0595341, 365.763 )

[node name="Tree11" parent="Trees" instance=ExtResource( 8 )]
transform = Transform( 5, 0, 0, 0, 5, 0, 0, 0, 5, 381.006, 0.0595341, 350.305 )

[node name="Tree26" parent="Trees" instance=ExtResource( 8 )]
transform = Transform( 5, 0, 0, 0, 5, 0, 0, 0, 5, 363.683, 0.0595341, 291.367 )

[node name="Tree8" parent="Trees" instance=ExtResource( 8 )]
transform = Transform( 5, 0, 0, 0, 5, 0, 0, 0, 5, 383.058, 0.0595493, 227.378 )

[node name="Tree15" parent="Trees" instance=ExtResource( 8 )]
transform = Transform( 4.25575, 0, 2.62461, 0, 5, 0, -2.62461, 0, 4.25575, 383.031, 0.0595417, 134.2 )

[node name="Tree3" parent="Trees" instance=ExtResource( 8 )]
transform = Transform( 5, 0, 0, 0, 5, 0, 0, 0, 5, 253.849, 0.0595341, 100.958 )

[node name="Tree5" parent="Trees" instance=ExtResource( 8 )]
transform = Transform( 5, 0, 0, 0, 5, 0, 0, 0, 5, 303.837, 0.0595341, 238.013 )

[node name="Tree14" parent="Trees" instance=ExtResource( 8 )]
transform = Transform( 4.25575, 0, 2.62461, 0, 5, 0, -2.62461, 0, 4.25575, 321.184, 0.0595264, 184.836 )

[node name="Tree10" parent="Trees" instance=ExtResource( 8 )]
transform = Transform( 5, 0, 0, 0, 5, 0, 0, 0, 5, 360.753, 0.0595341, 236.485 )

[node name="Tree13" parent="Trees" instance=ExtResource( 8 )]
transform = Transform( 4.25575, 0, 2.62461, 0, 5, 0, -2.62461, 0, 4.25575, 368.826, 0.0595264, 153.66 )

[node name="Tree7" parent="Trees" instance=ExtResource( 8 )]
transform = Transform( 5, 0, 0, 0, 5, 0, 0, 0, 5, 362.805, 0.0595493, 113.558 )

[node name="HPs" type="Node" parent="."]

[node name="HPPickup4" parent="HPs" instance=ExtResource( 9 )]
transform = Transform( 1, 0, 0, 0, 1, 0, 0, 0, 1, 397.137, 22.5882, 436.065 )

[node name="HPPickup1" parent="HPs" instance=ExtResource( 9 )]
transform = Transform( 1, 0, 0, 0, 1, 0, 0, 0, 1, 275.215, -0.0369973, 135.092 )

[node name="HPPickup5" parent="HPs" instance=ExtResource( 9 )]
transform = Transform( 1, 0, 0, 0, 1, 0, 0, 0, 1, 115.548, 1.08379, 112.856 )

[node name="HPPickup6" parent="HPs" instance=ExtResource( 9 )]
transform = Transform( 1, 0, 0, 0, 1, 0, 0, 0, 1, 77.5779, 0.0458171, 112.856 )

[node name="HPPickup2" parent="HPs" instance=ExtResource( 9 )]
transform = Transform( 1, 0, 0, 0, 1, 0, 0, 0, 1, 142.598, -0.0369973, 342.119 )

[node name="HPPickup3" parent="HPs" instance=ExtResource( 9 )]
transform = Transform( 1, 0, 0, 0, 1, 0, 0, 0, 1, 150.819, -0.0369973, 355.195 )

[node name="Tower" parent="." instance=ExtResource( 10 )]
transform = Transform( 4, 0, 0, 0, 4, 0, 0, 0, 4, 393.928, -3.44014, 433.036 )

[node name="Books" type="Node" parent="."]

[node name="Book1" parent="Books" instance=ExtResource( 11 )]
transform = Transform( 0.5, 0, 0, 0, 0.5, 0, 0, 0, 0.5, 130.8, 0.183951, 364.81 )

[node name="Book3" parent="Books" instance=ExtResource( 11 )]
transform = Transform( 0.5, 0, 0, 0, 0.5, 0, 0, 0, 0.5, 116.634, 1.28229, 104.936 )

[node name="Book4" parent="Books" instance=ExtResource( 11 )]
transform = Transform( 0.5, 0, 0, 0, 0.5, 0, 0, 0, 0.5, 279.955, 0.158186, 134.746 )

[node name="Book2" parent="Books" instance=ExtResource( 11 )]
transform = Transform( 0.5, 0, 0, 0, 0.5, 0, 0, 0, 0.5, 395.141, 22.8379, 435.822 )

[node name="Scene Root" parent="." instance=ExtResource( 12 )]
transform = Transform( 0.368425, 0, -0.473564, 0, 0.6, 0, 0.473564, 0, 0.368425, 138.683, 0, 358.604 )

[node name="House" parent="." instance=ExtResource( 13 )]
transform = Transform( -5.80587, 0, -79.789, 0, 80, 0, 79.789, 0, -5.80587, 102.562, 0, 107.61 )

[node name="Crates" type="Node" parent="."]

[node name="Crate1" parent="Crates" instance=ExtResource( 14 )]
transform = Transform( 1, 0, 0, 0, 1, 0, 0, 0, 1, 292.885, 5.36138, 144.131 )

[node name="Crate6" parent="Crates" instance=ExtResource( 14 )]
transform = Transform( 1, 0, 0, 0, 1, 0, 0, 0, 1, 294.661, 9.68119, 142.63 )

[node name="Crate2" parent="Crates" instance=ExtResource( 14 )]
transform = Transform( 1, 0, 0, 0, 1, 0, 0, 0, 1, 288.449, 5.36138, 144.131 )

[node name="Crate9" parent="Crates" instance=ExtResource( 14 )]
transform = Transform( 1, 0, 0, 0, 1, 0, 0, 0, 1, 290.225, 9.68119, 142.63 )

[node name="Crate3" parent="Crates" instance=ExtResource( 14 )]
transform = Transform( 1, 0, 0, 0, 1, 0, 0, 0, 1, 288.449, 5.36138, 150.198 )

[node name="Crate7" parent="Crates" instance=ExtResource( 14 )]
transform = Transform( 1, 0, 0, 0, 1, 0, 0, 0, 1, 290.225, 9.68119, 148.697 )

[node name="Crate4" parent="Crates" instance=ExtResource( 14 )]
transform = Transform( 1, 0, 0, 0, 1, 0, 0, 0, 1, 292.991, 5.36138, 150.198 )

[node name="Crate10" parent="Crates" instance=ExtResource( 14 )]
transform = Transform( 1, 0, 0, 0, 1, 0, 0, 0, 1, 294.767, 9.68119, 148.697 )

[node name="Crate5" parent="Crates" instance=ExtResource( 14 )]
transform = Transform( 1, 0, 0, 0, 1, 0, 0, 0, 1, 292.991, 5.36138, 150.198 )

[node name="Crate8" parent="Crates" instance=ExtResource( 14 )]
transform = Transform( 1, 0, 0, 0, 1, 0, 0, 0, 1, 294.767, 9.68119, 148.697 )
